
@book{mythical,
  author    = "Frederick Brooks", 
  title     = "The Mythical Man-Month", 
  publisher = "Addison-Wesley", 
  year      = "1975,1995"
}
@misc{wireframes,
    author    = "CSP2",
    title     = "Wireframes",
     howpublished       = "\url{https://www.figma.com/file/GTsp9serxscJAuEYKNgJb5WJ/Wireframes-Version-1?node-id=29\%3A44}"
}
@misc{edgeapp,
    author    = "Scriptate ",
    title     = "EDGEAPP",
     howpublished       = "\url{https://www.scriptate.com/edgeapplication}"
}
@misc{gentle,
    author    = "N/a",
    title     = "Gentle Force Aligner",
     howpublished      = "\url{https://lowerquality.com/gentle/}"
}
@misc{heuristics,
    author    = "Heuristic Media",
    title     = "The Tempest",
     howpublished       = "\url{https://www.heuristicmedia.tv/Heuristic-Shakespeare.php}"
}
@misc{brief,
    author    = "CSP2",
    title     = "Inital Brief",
     howpublished       = "\url{http://stgit.dcs.gla.ac.uk/tp3-2018-csp2/dissertation/blob/master/README.md}"
}
@misc{wiki,
    author    = "CSP2",
    title     = "Minutes and Customer Meetings",
     howpublished       = "\url{http://stgit.dcs.gla.ac.uk/tp3-2018-csp2/dissertation/wikis/home}"
}
@misc{swords,
    author    = "N/a ",
    title     = "Shakespeare Words",
     howpublished       = "\url{https://www.shakespeareswords.com/}"
}
@misc{ssonnets,
    author    = "N/a ",
    title     = "Shakespeare's Sonnets",
     howpublished       = "\url{https://vimeo.com/channels/thesonnets}"
}
@misc{persona,
    author    = "CSP2",
    title     = "User Persona",
     howpublished       = "\url{http://stgit.dcs.gla.ac.uk/tp3-2018-csp2/dissertation/blob/master/User\%20Persona-Actor.odt}"
}
@misc{w3schools,
    author    = "N/a ",
    title     = "W3Schools",
     howpublished       = "\url{https://www.w3schools.com/}"
}







\textit{\textbf{References}} 

Initial brief: (Present on Gitlab). 

Wireframes: https://www.figma.com/file/GTsp9serxscJAuEYKNgJb5WJ/Wireframes-Version-1?node-id=29%3A44.

Perosonas: (Present on Gitlab).

User Stories: (Present on Gitlab). 

All Customer Meetings: (Present on Gitlab). 

Meeting Minutes: (Present on Gitlab).
